@article{brunton2016discovering,
  title={Discovering governing equations from data by sparse identification of nonlinear dynamical systems},
  author={Brunton, Steven L and Proctor, Joshua L and Kutz, J Nathan},
  journal={Proceedings of the national academy of sciences},
  volume={113},
  number={15},
  pages={3932--3937},
  year={2016},
  publisher={National Acad Sciences}
}

@article{rudy2017data,
  title={Data-driven discovery of partial differential equations},
  author={Rudy, Samuel H and Brunton, Steven L and Proctor, Joshua L and Kutz, J Nathan},
  journal={Science advances},
  volume={3},
  number={4},
  pages={e1602614},
  year={2017},
  publisher={American Association for the Advancement of Science}
}